
@article{ronnestad_dissimilar_2007,
	title = {Dissimilar effects of one- and three-set strength training on strength and muscle mass gains in upper and lower body in untrained subjects},
	volume = {21},
	doi = {10.1519/R-19895.1},
	journal = {The Journal of Strength and Conditioning Research},
	author = {RÃ¸nnestad, Bent and Egeland, Wilhelm and Kvamme, Nils and Refsnes, Per and Kadi, Fawzi and Raastad, Truls},
	year = {2007},
	pages = {157--63},
}

@article{weissgerber_beyond_2015,
	title = {Beyond {Bar} and {Line} {Graphs}: {Time} for a {New} {Data} {Presentation} {Paradigm}},
	volume = {13},
	url = {https://doi.org/10.1371/journal.pbio.1002128},
	doi = {10.1371/journal.pbio.1002128},
	abstract = {A systematic review of research articles reveals widespread poor practice in the presentation of continuous data. The authors recommend training for investigators and supply templates for easy use.},
	number = {4},
	journal = {PLOS Biology},
	author = {Weissgerber, Tracey L. and Milic, Natasa M. and Winham, Stacey J. and Garovic, Vesna D.},
	year = {2015},
	note = {Publisher: Public Library of Science},
	pages = {1--10},
}
